@article{mnih2015human,
  title={Human-level control through deep reinforcement learning},
  author={Mnih, Volodymyr and Kavukcuoglu, Koray and Silver, David and Rusu, Andrei A and Veness, Joel and Bellemare, Marc G and Graves, Alex and Riedmiller, Martin and Fidjeland, Andreas K and Ostrovski, Georg and others},
  journal={nature},
  volume={518},
  number={7540},
  pages={529--533},
  year={2015},
  publisher={Nature Publishing Group}
}

@incollection{van2018identification,
  title={Identification of a Cessna Citation II model based on flight test data},
  author={Van den Hoek, MA and de Visser, CC and Pool, DM},
  booktitle={Advances in Aerospace Guidance, Navigation and Control},
  pages={259--277},
  year={2018},
  publisher={Springer},
  url = {https://doi.org/10.1007/978-3-319-65283-2_14}
}